@article{proposing-proposals,
  author = {J. Doe and J. Roe},
  title = {A new proposal for proposing proposals},
  year = {1337},
  journal = {Some Journal},
  volume = {42},
  pages = {3-44},
  month = {jan}
}


@article{something,
  author = {A. Annonymous},
  title = {A paper about something scientific},
  year = {1234},
  journal = {Some Journal},
  volume = {VII}
}
